
<record>
  <controlfield tag="001">453422</controlfield>
  <datafield tag="024" ind1="7" ind2=" ">
    <subfield code="a">10.1016/S0168-9002(98)00344-1</subfield>
    <subfield code="2">DOI</subfield>
  </datafield>
  <datafield tag="035" ind1=" " ind2=" ">
    <subfield code="a">Chochula:1997wg</subfield>
    <subfield code="9">SPIRESTeX</subfield>
  </datafield>
  <datafield tag="035" ind1=" " ind2=" ">
    <subfield code="a">343034</subfield>
    <subfield code="9">CDS</subfield>
  </datafield>
  <datafield tag="037" ind1=" " ind2=" ">
    <subfield code="a">CERN-PPE-97-155</subfield>
  </datafield>
  <datafield tag="245" ind1=" " ind2=" ">
    <subfield code="a">The DELPHI Silicon Tracker at LEP-2</subfield>
  </datafield>
  <datafield tag="710" ind1=" " ind2=" ">
    <subfield code="g">DELPHI Silicon Tracker Group</subfield>
  </datafield>
</record>